% Teses
@phdthesis{tese_eduardo,
      author       = "Simas, Eduardo",
      title        = "Análise não-linear de componentes independentes para uma filtragem online
baseada em calorimetria de alta energia e fina segmentação",
      school       = "COPPE, Universidade Federal do Rio de Janeiro",
      Type         = {Tese de Doutorado em Engenharia Elétrica},
      address      = "Rio de Janeiro",
      year         = "2010",
}

@phdthesis{tese_torres,
      author       = "Torres, Rodrigo",
      title        = {Sistema \emph{online} de filtragem em um ambiente com alta
taxa de eventos e fina granularidade},
      school       = "COPPE, Universidade Federal do Rio de Janeiro",
      Type         = {Tese de Doutorado em Engenharia Elétrica},
      address      = "Rio de Janeiro",
      year         = "2010",
}

% Referências de fisica

@book{nature_space_and_time,
      title        = "Revealling the Hidden Nature of the Space and Time",
      author       = "COMMITTEE ON ELEMENTARY PARTICLE PHYSICS IN THE 21ST CENTURY, N. R. C.",
      publisher    = "National Academic Press",
      address      = "Washington-DC, Estados Unidos",
      year         = "2006",
}

@book{Intro_Nuclear,
      author       = "Martin, Brian Robert",
      title        = "Nuclear and particle physics: an introduction; 2nd ed.",
      publisher    = "Wiley",
      address      = "Hoboken, NJ",
      year         = "2009",
}

@book{Intro_Standard,
      author       = "Cottingham, W N and Greenwood, D A",
      title        = "An Introduction to the Standard Model of Particle Physics;
                      2nd ed.",
      publisher    = "Cambridge Univ. Press",
      address      = "Cambridge",
      year         = "2007",
}


@book{einstein,
      title        = "A Evolução da Física",
      author       = "Eintein A., Infeld L.",
      address      = "Rio de Janeiro",
      year         = "1976",
      publisher    = "Jorge Zahar",
      edition      = "Terceira Edi{çã}o",
}

@book{heavy_ions,
      title        = "Introdution to Inelastic Heavy Ion Collisions",
      author       = "Lázló P. Csernai",
      publisher    = {John Wiley \& Sons Ltd.},
      address      = "Chichester, England",
      year         = "1994",
}

@book{Feynman,
      author       = {Feynman, Richard Phillips and Leighton, Robert Benjamin and Sands, Matthew},
      title        = {The Feynman Lectures on Physics},
      publisher    = {Addison-Wesley},
      address      = {Reading, MA},
      year         = {1963},
}

@techreport{hunt_for_physics,
      author       = "Nath, P and Nelson, B D and Davoudiasl, H and Dutta, B and
                      Feldman, D and Liu, Z and Han, T and Langacker, P and
                      Mohapatra, R and Valle, J and Pilaftsis, A and Zerwas, D and
                      AbdusSalam, S and Adam-Bourdarios, C and Aguilar-Saavedra, J
                      A and Allanach, B and Altunkaynak, B and Anchordoqui, L A
                      and Baer, H and Bajc, B and Buchmueller, O and Carena, M and
                      Cavanaugh, R and Chang, S and Choi, K and Csaki, C and
                      Dawson, S and de Campos, F and De Roeck, A and Duhrssen, M
                      and Eboli, O J P and Ellis, J R and Flacher, H and Goldberg,
                      H and Grimus, W and Haisch, U and Heinemeyer, S and Hirsch,
                      M and Holmes, M and Ibrahim, T and Isidori, G and Kane, G
                      and Kong, K and Lafaye, R and Landsberg, G and Lavoura, L
                      and Lee, J S and Lee, S J and Lisanti, M and Lust, D and
                      Magro, M B and Mahbubani, R and Malinsky, M and Maltoni, F
                      and Morisi, S and Muhlleitner, M M and Mukhopadhyaya, B and
                      Neubert, M and Olive, K A and Perez, G and Perez, P F and
                      Plehn, T and Ponton, E and Porod, W and Quevedo, F and
                      Rauch, M and Restrepo, D and Rizzo, T G and Romao, J C and
                      Ronga, F J and Santiago, J and Schechter, J and Senjanovic,
                      G and Shao, J and Spira, M and Stieberger, S and Sullivan, Z
                      and Tait, T M P and Tata, X and Taylor, T R and Toharia, M
                      and Wacker, J and Wagner, C E M and Wang, L -T and Weiglein,
                      G and Zeppenfeld, D and Zurek, K",
      title        = "The Hunt for New Physics at the Large Hadron Collider.
                      oai:cds.cern.ch:1233863",
      number       = "arXiv:1001.2693",
      month        = "Jan",
      institution  = "CERN",
      year         = "2010",
      note         = "Comments: Summary document for international workshop
                      Beyond the Standard Model at the LHC (Pre-SUSY09)
                      Northeastern University, Boston, June 2-4, 2009",
}

@book{Beiser,
      author       = "Beiser, Arthur",
      title        = "Concepts of Modern Physics; 6th ed.",
      publisher    = "McGraw-Hill",
      address      = "New York, NY",
      year         = "2003",
}

@book{lhc_design,
      author       = {Br{ü}ning, Oliver Sim and Collier, Paul and Lebrun, P and
                      Myers, Stephen and Ostojic, Ranko and Poole, John and
                      Proudlock, Paul},
      title        = {LHC Design Report},
      publisher    = {CERN},
      address      = {Geneva},
      year         = {2004},
}

@misc{lecture_slides_1,
      author       = "Juraj, Bracinik and Watson, Miriam",
      title        = "High PT physics at LHC – Lecture I (Introduction and LHC accelerator)",
      month        = "April",
      year         = "2011",
      institution  = "University of Birmingham",
      url          = {Obtido em: \url{http://www2.warwick.ac.uk/fac/sci/physics/staff/academic/gershon/gradteaching/warwickweek/material/lhcphysics/}},
      note         = {acessado em Setembro de 2011},
}

@misc{rick_field_slides,
      author       = "Rick Field",
      title        = "Min-Bias and the Underlying Event at the LHC",
      month        = "June",
      year         = "2011",
      institution  = "University of Florida",
      url          = {Obtido em: \url{http://www.phys.ufl.edu/~rfield/cdf/Zakopane1_RickField_6-12-11.ppt}},
      note         = {acessado em Outubro de 2011},
}

@techreport{Underlying,
      author       = "Acosta, Darin and Ambroglini, Filippo and Bartalini, Paolo
                      and de Roeck, Albert and Fano, Livio and Field, Richard D
                      and Kotov, Khristian",
      title        = "The Underlying Event at the LHC",
      institution  = "CERN",
      address      = "Geneva",
      number       = "CMS-NOTE-2006-067. CERN-CMS-NOTE-2006-067",
      month        = "Jun",
      year         = "2006",
}

% Coisas da internet

@misc{cern_accelerators,
title={CERN Accelerators and Technology Sector},
url={\url{https://espace.cern.ch/acc-tec-sector/default.aspx}},
note={acessado em Junho de 2011},
}

@misc{webCERN,
title={CERN},
url={\url{http://cern.ch/}},
note={acessado em Junho de 2011},
}

@misc{closerLook,
title={Taking a Closer Look at LHC},
url={\url{http://www.lhc-closer.es/php/index.php?i=1&s=1&p=1&e=0}},
note={acessado em Setembro de 2011},
}

@book{kelvin,
      author       = "Tunbridge, Paul",
      title        = "Lord Kelvin: his influence on electrical measurements and
                      units",
      publisher    = "Peregrinus",
      address      = "London",
      year         = "1992",
}

@misc{wiki_cross_section,
title={Seção de choque},
url={\url{http://pt.wikipedia.org/wiki/Seção_de_choque}},
note={acessado em Junho de 2011},
}

@misc{webLHC,
    title={The Large Hadron Collider},
    url={\url{http://public.web.cern.ch/public/en/LHC/LHC-en.html}},
    note={acessado em Junho de 2011},
}

@misc{webATLAS,
title={The ATLAS Experiment},
url={\url{http://atlas.ch/}},
note={acessado em Junho de 2011},
}

@misc{webPython,
title={Python Programming Language},
url={\url{http://www.python.org/}},
note={acessado em Junho de 2011},
}

@misc{webXML,
  title={Extensible Markup Language},
  url={\url{http://www.w3.org/TR/xml11}},
  note={acessado em Junho de 2011},
}

@misc{webXerces,
  title={Xerces-C++ XML Parser},
  url={\url{http://xerces.apache.org/xerces-c/}},
  note={acessado em Junho de 2011},
}

@misc{webROOT,
  title={ROOT: A Data Analysis Framework},
  url={\url{http://root.cern.ch/}},
  note={acessado em Junho de 2011},
}

@misc{webGartnerOracle,
    title={Gartner Says Worldwide Relational Database Market Increased 14 Percent in 2006},
    url={\url{http://www.gartner.com/it/page.jsp?id=507466}},
    note={acessado em Junho de 2011},
}

@misc{_atlas_photos,
    title = {{ATLAS} Photos},
    url = {\url{http://www.atlas.ch/photos/index.html}},
    note = {acessado em Junho de 2011},
}

@misc{democritos,
    title = {Bibliografia de Demócritos de Abdera},
    url = {\url{http://www.dec.ufcg.edu.br/biografias/Democrit.html}},
    note = {acessado em Junho de 2011},
}

@misc{thompson,
    title = {Bibliografia de Thompson - Prêmio Nobel},
    url = {\url{http://nobelprize.org/nobel_prizes/physics/laureates/1906/thomson-bio.html}},
    note = {acessado em Junho de 2011},
}

@misc{wiki_standart_model,
    title = {O Modelo Padrão - Wikipedia},
    url = {\url{http://en.wikipedia.org/wiki/Standard\_Model}},
    note = {acessado em Junho de 2011},
}

% ATLAS e LHC

@techreport{resumo_ATLAS,
    author = "Efthymiopoulos, I",
    title  = "Overview of the ATLAS detector at LHC.",
    institution = "CERN",
    address     = "Geneva",
    number      = "ATL-CONF-99-002. 7",
    month       = "May",
    year        = "1999",
    note        = "version revised com-conf-99-002 on Jun 22 1999",
}

@book{ATLAS_TDR,
      title        = "ATLAS detector and physics performance: Technical Design
                      Report, 1",
      publisher    = "CERN",
      address      = "Geneva",
      series       = "Technical Design Report ATLAS",
      year         = "1999",
      note         = "Electronic version not available",
}

@book{ATLAS_TDR2,
      title        = "ATLAS detector and physics performance: Technical Design
                      Report, 2",
      publisher    = "CERN",
      address      = "Geneva",
      series       = "Technical Design Report ATLAS",
      year         = "1999",
      note         = "Electronic version not available",
}

@book{ATLAS_TCN_TDR,
      title        = "ATLAS technical coordination: Technical Design Report",
      publisher    = "CERN",
      address      = "Geneva",
      series       = "Technical Design Report ATLAS",
      year         = "1999",
      note         = "Electronic version not available",
}

@book{ATLAS_HLT_DAQ,
      author       = "Jenni, Peter and Nessi, Marzio and Nordberg, Markus and
                      Smith, Kenway",
      title        = "ATLAS high-level trigger, data-acquisition and controls:
                      Technical Design Report",
      publisher    = "CERN",
      address      = "Geneva",
      series       = "Technical Design Report ATLAS",
      year         = "2003",
}


@phdthesis{THESIS_LAR,
      author       = "Banfi, Danilo and Mandelli, Luciano",
      title        = "Electron and photon energy reconstruction in the
                      electromagnetic calorimeter of ATLAS.
                      oai:cds.cern.ch:1124300",
      school       = "Univ. degli Studi di Milano",
      address      = "Milano",
      year         = "2007",
      note         = "Presented on 29 Jun 2007",
}

% Livro de C++
@book{CPP_COMPLETE,
    author = {Schildt, Herbert},
    edition = {4},
    howpublished = {Paperback},
    month = {novembro},
    publisher = {McGraw-Hill Osborne Media},
    title = {C++: The Complete Reference, 4th Edition},
    year = {2002}
}

% DCS
@article{dcs2008,
  author={A Barriuso Poy and H Boterenbrood and H J Burckhart and J Cook and V Filimonov and S Franz and O Gutzwiller and B Hallgren and V Khomutnikov and S Schlenker and F Varela},
  title={The detector control system of the ATLAS experiment},
  journal={Journal of Instrumentation},
  volume={3},
  number={05},
  pages={P05006},
  url={http://stacks.iop.org/1748-0221/3/P05006},
  year={2008},
  abstract={The ATLAS experiment is one of the experiments at the Large Hadron
  Collider, constructed to study elementary particle interactions in collisions of
  high-energy proton beams. The individual detector components as well as the
  common experimental infrastructure are supervised by the Detector Control System
  (DCS). The DCS enables equipment supervision using operator commands, reads,
  processes and archives the operational parameters of the detector, allows for
  error recognition and handling, manages the communication with external control
  systems, and provides a synchronization mechanism with the physics data
  acquisition system. Given the enormous size and complexity of ATLAS, special
  emphasis was put on the use of standardized hardware and software components
  enabling efficient development and long-term maintainability of the DCS over the
  lifetime of the experiment. Currently, the DCS is being used successfully during
  the experiment commissioning phase.},
}

@misc{ATLAS_DCS,
    title = {{D}etector {C}ontrol {S}ystem},
    url = {\url{https://twiki.cern.ch/twiki/bin/view/Atlas/DetectorControlSystemMainPage}},
    note = {acessado em Junho de 2011},
}


@techreport{Lasseur:1094576,
      author       = "Lasseur, C",
      title        = "Placement strategy and survey in Atlas",
      institution  = "CERN",
      address      = "Geneva",
      number       = "ATL-TECH-PUB-2008-001. ATL-COM-TECH-2008-003",
      month        = "Mar",
      year         = "2008",
}

@article{Cerqueira2007117,
    title = "Analog system for building the first-level triggering signal provided by the hadronic calorimeter of ATLAS detector",
    journal = "Nuclear Instruments and Methods in Physics Research Section A: Accelerators, Spectrometers, Detectors and Associated Equipment",
    volume = "570",
    number = "1",
    pages = "117 - 125",
    year = "2007",
    note = "",
    issn = "0168-9002",
    doi = "DOI: 10.1016/j.nima.2006.09.107",
    url = "http://www.sciencedirect.com/science/article/B6TJM-4M69RFF-3/2/cbfe092caa5a1902da210f5ae93ad7ed",
    author = "A.S. Cerqueira and J.M. Seixas and L.P. Calôba",
    keywords = "Tilecal electronics",
    keywords = "On-line event validation",
    keywords = "Fast analog sum",
    keywords = "Calorimeter trigger signal",
    keywords = "Muon trigger signal",
}
